@misc{deleón2023review,
      title={A review on coisotropic reduction in Symplectic, Cosymplectic, Contact and Co-contact Hamiltonian systems}, 
      author={Manuel de León and Rubén Izquierdo-López},
      year={2023},
      eprint={2308.07637},
      archivePrefix={arXiv},
      primaryClass={math.SG}
}

@article{de_Le_n_2019,
   title={Contact Hamiltonian systems},
   volume={60},
   ISSN={1089-7658},
   url={http://dx.doi.org/10.1063/1.5096475},
   DOI={10.1063/1.5096475},
   number={10},
   journal={Journal of Mathematical Physics},
   publisher={AIP Publishing},
   author={de León, Manuel and Lainz Valcázar, Manuel},
   year={2019},
   month=oct }

@book{abraham2008foundations,
  title={Foundations of mechanics},
  author={Abraham, R. and Marsden, J.E.},
  number={364},
  year={19788},
  publisher={The Benjamin/Cummings Publishing Company, Reading, Massachusetts}
}