@misc{deleón2024coisotropic,
      title={Coisotropic reduction in Multisymplectic Geometry}, 
      author={Manuel de León and Rubén Izquierdo-López},
      year={2024},
      eprint={2405.12898},
      archivePrefix={arXiv},
      primaryClass={math.SG}
}

@article{Ibort1999OnTG,
title={On the geometry of multisymplectic manifolds}, 
volume={66},
DOI={10.1017/S1446788700036636},
number={3},
journal={Journal of the Australian Mathematical Society. Series A. Pure Mathematics and Statistics},
author={Cantrijn, F. and Ibort, A. and De León, M.},
year={1999},
pages={303–330}}

@article{HamiltonianStructuresIbort,
author = {Cantrijn, F. and Ibort, A. and de León, M.},
year = {1996},
month = {01},
pages = {225–236},
title = {Hamiltonian structures on multisymplectic manifolds},
volume = {54},
number={3},
journal = {Rend. Sem. Mat. Univ. Politec. Torino}
}
@inbook{deleon2003tulczyjews,
      title={Tulczyjew's triples and lagrangian submanifolds in classical field theories}, 
      author={M. de Leon and D. Mart\'in de Diego and A. Santamaria-Merino},
      year={2003}, 
booktitle={Applied Differential Geometry and Mechanics},
publishr={Academia Press: Ghent, Belgium},  
pages={21-47}
}