%------------------------------------------
% Lectures on Symplectic Manifolds
%------------------------------------------
 @book{weinstein1977lectures,
title={Lectures on Symplectic Manifolds},
ISBN={9781470423896},
ISSN={2380-5668},
url={http://dx.doi.org/10.1090/cbms/029},
DOI={10.1090/cbms/029},
journal={CBMS Regional Conference Series in Mathematics},
publisher={American Mathematical Society},
author={Weinstein, A.},
year={1977},
month=dec }

%------------------------------------------
% Momentum Maps and Classical Relativistic Fields I
%------------------------------------------
@misc{gotay2004momentum,
      title={Momentum {M}aps and {C}lassical {R}elativistic {F}ields. Part {I}: {C}ovariant {F}ield {T}heory}, 
      author={M.J. Gotay and J. Isenberg and J.E. Marsden and R. Montgomery},
      year={2004},
      eprint={physics/9801019},
      archivePrefix={arXiv},
      primaryClass={math-ph}
}

%------------------------------------------
% Foundations of Mechanics
%------------------------------------------
@book{abraham2008foundations,
title={Foundations of Mechanics},
ISBN={9781470411343},
url={http://dx.doi.org/10.1090/chel/364},
DOI={10.1090/chel/364},
publisher={American Mathematical Society},
author={Abraham, R. and Marsden, J.},
year={2008}, month=may }

%------------------------------------------
% On the geometry of multisymplectic manifolds
%------------------------------------------
@article{Ibort1999OnTG,
title={On the geometry of multisymplectic manifolds}, 
volume={66},
DOI={10.1017/S1446788700036636},
number={3},
journal={Journal of the Australian Mathematical Society. Series A. Pure Mathematics and Statistics},
author={Cantrijn, F. and Ibort, A. and De León, M.},
year={1999},
pages={303–330}}


%------------------------------------------
% Symplectic manifolds and their Lagrangian submanifolds
%------------------------------------------
@article{WeinsteinLagrangianNeighborhood,
title = {Symplectic manifolds and their {L}agrangian submanifolds},
journal = {Advances in Mathematics},
volume = {6},
number = {3},
pages = {329-346},
year = {1971},
issn = {0001-8708},
doi = {https://doi.org/10.1016/0001-8708(71)90020-X},
url = {https://www.sciencedirect.com/science/article/pii/000187087190020X},
author = {A. Weinstein}
}

%------------------------------------------
% Tulczyjew's triples and lagrangian submanifolds in classical field theories
%------------------------------------------
@inbook{deleon2003tulczyjews,
      title={Tulczyjew's triples and lagrangian submanifolds in classical field theories}, 
      author={M. de Leon and D. Mart\'in de Diego and A. Santamaria-Merino},
      year={2003}, 
booktitle={Applied Differential Geometry and Mechanics},
publishr={Academia Press: Ghent, Belgium},  
pages={21-47}
}

@book{silvia,
author={de León, M. and Salgado, M. and Vilariño, S.},
title={Methods of Differential Geometry in Classical Field Theories},
publisher={World Scientific Publishing Co. Pte. Ltd.: Hackensack, NJ, USA},
year={2016},
pages={xiii+207},
}
%------------------------------------------
% A Darboux theorem for multi-symplectic manifolds
%------------------------------------------
 @article{Martin1988ADT, title={A Darboux theorem for multi-symplectic manifolds}, volume={16}, ISSN={1573-0530}, url={http://dx.doi.org/10.1007/bf00402020}, DOI={10.1007/bf00402020}, number={2}, journal={Letters in Mathematical Physics}, publisher={Springer Science and Business Media LLC}, author={Martin, G.}, year={1988}, month=aug, pages={133–138} }

%------------------------------------------
% Lagrangian Submanifolds of Standard Multisymplectic Manifolds
%------------------------------------------
@inbook{Sevestre_2019,
   title={Lagrangian Submanifolds of Standard Multisymplectic Manifolds},
   ISBN={9783030265625},
   ISSN={2194-1017},
   url={http://dx.doi.org/10.1007/978-3-030-26562-5_8},
   DOI={10.1007/978-3-030-26562-5_8},
   booktitle={Geometric and Harmonic Analysis on Homogeneous Spaces},
   publisher={Springer International Publishing},
   author={Sevestre, G. and Wurzbacher, T.},
   year={2019},
   pages={191–205} }


%------------------------------------------
% Hamiltonian structures on multisymplectic manifolds
%------------------------------------------
@article{HamiltonianStructuresIbort,
author = {Cantrijn, F. and Ibort, A. and de León, M.},
year = {1996},
month = {01},
pages = {225–236},
title = {Hamiltonian structures on multisymplectic manifolds},
volume = {54},
number={3},
journal = {Rend. Sem. Mat. Univ. Politec. Torino}
}

%------------------------------------------
% Lectures on the geometry of Poisson manifolds
%------------------------------------------

 @book{vaisman2012lectures, title={Lectures on the Geometry of Poisson Manifolds}, ISBN={9783034884952}, url={http://dx.doi.org/10.1007/978-3-0348-8495-2}, DOI={10.1007/978-3-0348-8495-2}, publisher={Birkhäuser Basel}, author={Vaisman, I.}, year={1994} }


%------------------------------------------
% An invitation to multisymplectic geometry
%------------------------------------------
@article{Invitation2019,
title = {An invitation to multisymplectic geometry},
journal = {Journal of Geometry and Physics},
volume = {142},
pages = {9-36},
year = {2019},
issn = {0393-0440},
doi = {https://doi.org/10.1016/j.geomphys.2019.03.006},
url = {https://www.sciencedirect.com/science/article/pii/S0393044018301189},
author = { Ryvkin, L. and Wurzbacher, T.},
keywords = {Multisymplectic geometry, Lagrangian and Hamiltonian field theories, Darboux-type theorems, Groups of multisymplectic diffeomorphisms, Homotopy comoment},
abstract = {In this article we study multisymplectic geometry, i.e., the geometry of manifolds with a non-degenerate, closed differential form. First we describe the transition from Lagrangian to Hamiltonian classical field theories, and then we reformulate the latter in “multisymplectic terms”. Furthermore, we investigate basic questions on normal forms of multisymplectic manifolds, notably the questions whether and when Darboux-type theorems hold, and “how many” diffeomorphisms certain, important classes of multisymplectic manifolds possess. Finally, we survey recent advances in the area of symmetries and conserved quantities on multisymplectic manifolds.}
}

%------------------------------------------
% Linear orbits of alternating forms on real vector spaces
%------------------------------------------
@misc{orbitsforms,
      title={Linear orbits of alternating forms on real vector spaces}, 
      author={Ryvkin, L.},
      year={2017},
      eprint={1609.02184},
      archivePrefix={arXiv},
      primaryClass={math.AC}
}


%------------------------------------------
% Geometry of CLassial Fields
%------------------------------------------
 @book{ClassicalFieldsSniaiycki, title = {Geometry of Classical Fields}, ISBN={9780444705440}, ISSN={0304-0208}, url={http://dx.doi.org/10.1016/s0304-0208(08)x7101-4}, DOI={10.1016/s0304-0208(08)x7101-4}, journal={North-Holland Mathematics Studies}, publisher={Elsevier}, year={1988}, author = {Binz, E. and Śniatycki, J, and Fischer, H.}}


%------------------------------------------
% On Darboux theorems for geometric structures induced by closed forms
%------------------------------------------
@misc{gràcia2023darboux,
      title={On Darboux theorems for geometric structures induced by closed forms}, 
      author={Gràcia, X. and de Lucas, J. and Rivas, X. and  Román-Roy, N.},
      year={2023},
      eprint={2306.08556},
      archivePrefix={arXiv},
      primaryClass={math.DG}
}

%------------------------------------------
% L ∞-Algebras from Multisymplectic Geometry
%------------------------------------------
@article{Linfintyalgebra, title={{$L_\infty$}-Algebras from Multisymplectic Geometry}, volume={100}, ISSN={1573-0530}, url={http://dx.doi.org/10.1007/s11005-011-0493-x}, DOI={10.1007/s11005-011-0493-x}, number={1}, journal={Letters in Mathematical Physics}, publisher={Springer Science and Business Media LLC}, author={Rogers, C. L.}, year={2011}, month=apr, pages={29–50} }

%------------------------------------------
% Reduction of multisymplectic manifolds
%------------------------------------------
 @article{Blacker_2021, title={Reduction of multisymplectic manifolds}, volume={111}, ISSN={1573-0530}, url={http://dx.doi.org/10.1007/s11005-021-01408-y}, DOI={10.1007/s11005-021-01408-y}, number={3}, journal={Letters in Mathematical Physics}, publisher={Springer Science and Business Media LLC}, author={Blacker, C.}, year={2021}, month=may }

%------------------------------------------
% Remarks on Multisymplectic Reduction
%------------------------------------------
 @article{Echeverr_a_Enr_quez_2018, title={Remarks on Multisymplectic Reduction}, volume={81}, ISSN={0034-4877}, url={http://dx.doi.org/10.1016/s0034-4877(18)30057-0}, DOI={10.1016/s0034-4877(18)30057-0}, number={3}, journal={Reports on Mathematical Physics}, publisher={Elsevier BV}, author={Echeverría-Enríquez, A. and Muñoz-Lecanda, M.C. and Román-Roy, N.}, year={2018}, month=jun, pages={415–424} }

%------------------------------------------
% Remarks on Multisymplectic Reduction
%------------------------------------------
 @article{FORGER_2003, title={The Poisson bracket for Poisson forms in multisymplectic theory}, volume={15}, ISSN={1793-6659}, url={http://dx.doi.org/10.1142/s0129055x03001734}, DOI={10.1142/s0129055x03001734}, number={07}, journal={Reviews in Mathematical Physics}, publisher={World Scientific Pub Co Pte Lt}, author={Forger, M. and Paufler, C. and Romer, H.}, year={2003}, month=sep, pages={705–743} }

%------------------------------------------
% Multisymplectic formalism and the covariant phase space
%------------------------------------------
 @inbook{Helein_2011, title={Multisymplectic formalism and the covariant phase space}, url={http://dx.doi.org/10.1017/cbo9780511863219.007}, DOI={10.1017/cbo9780511863219.007}, booktitle={Variational Problems in Differential Geometry}, publisher={Cambridge University Press}, author={Hélein, F.}, year={2011}, month=oct, pages={94–126} }

%------------------------------------------
% Noether’s theorem in multisymplectic geometry
%------------------------------------------
 @article{Herman_2018, title={Noether’s theorem in multisymplectic geometry}, volume={56}, ISSN={0926-2245}, url={http://dx.doi.org/10.1016/j.difgeo.2017.09.003}, DOI={10.1016/j.difgeo.2017.09.003}, journal={Differential Geometry and its Applications}, publisher={Elsevier BV}, author={Herman, J.}, year={2018}, month=feb, pages={260–294} }

%------------------------------------------
% Weak Moment Maps in Multisymplectic Geometry
%------------------------------------------
@misc{herman2018weak,
      title={Weak Moment Maps in Multisymplectic Geometry}, 
      author={Herman, J.},
      year={2018},
      eprint={1807.01641},
      archivePrefix={arXiv},
      primaryClass={math.SG}
}

%------------------------------------------
% Covariant poisson brackets for classical fields
%------------------------------------------
 @article{Marsden_1986, title={Covariant Poisson brackets for classical fields}, volume={169}, ISSN={0003-4916}, url={http://dx.doi.org/10.1016/0003-4916(86)90157-0}, DOI={10.1016/0003-4916(86)90157-0}, number={1}, journal={Annals of Physics}, publisher={Elsevier BV}, author={Marsden, J.E and Montgomery, R and Morrison, P.J and Thompson, W.B}, year={1986}, month=jun, pages={29–47} }

%------------------------------------------
% Multisymplectic Lagrangian and Hamiltonian Formalisms of Classical Field Theories
%------------------------------------------
 @article{Roman_Roy_2009, title={Multisymplectic Lagrangian and Hamiltonian Formalisms of Classical Field Theories}, ISSN={1815-0659}, url={http://dx.doi.org/10.3842/sigma.2009.100}, DOI={10.3842/sigma.2009.100}, journal={Symmetry, Integrability and Geometry: Methods and Applications}, publisher={SIGMA (Symmetry, Integrability and Geometry: Methods and Application)}, author={Román-Roy, N.}, year={2009}, month=nov }

%------------------------------------------
% A Symplectic Framework for Field Theories
%------------------------------------------
 @book{Tulczyjew_1979, title={A Symplectic Framework for Field Theories}, ISBN={9783540095385}, url={http://dx.doi.org/10.1007/3-540-09538-1}, DOI={10.1007/3-540-09538-1}, journal={Lecture Notes in Physics}, publisher={Springer Berlin Heidelberg}, year={1979}, author = { Kijowski, J. and Tulczyjew, W.M.} }

%------------------------------------------
% The {Legendre} transformations
%------------------------------------------
@article{Legendre_transform,
     author = {Tulczyjew, W. M.},
     title = {The {Legendre} transformation},
     journal = {Annales de l'institut Henri Poincar\'e. Section A, Physique Th\'eorique},
     pages = {101--114},
     publisher = {Gauthier-Villars},
     volume = {27},
     number = {1},
     year = {1977},
     mrnumber = {494271},
     zbl = {0365.58011},
     language = {en},
     url = {http://www.numdam.org/item/AIHPA_1977__27_1_101_0/}
}

%------------------------------------------
% The graded {L}ie algebra of multivector fields and the generalized {L}ie derivative of forms
%------------------------------------------
@article {TulzcyjewLieDerivative,
    AUTHOR = {Tulczyjew, W. M.},
     TITLE = {The graded {L}ie algebra of multivector fields and the generalized {L}ie derivative of forms},
   JOURNAL = {Bull. Acad. Polon. Sci. S\'{e}r. Sci. Math. Astronom. Phys.},
  FJOURNAL = {Bulletin de l'Acad\'{e}mie Polonaise des Sciences. S\'{e}rie
              des Sciences Math\'{e}matiques, Astronomiques et Physiques},
    VOLUME = {22},
      YEAR = {1974},
     PAGES = {937--942},
      ISSN = {0001-4117},
   MRCLASS = {58A10},
  MRNUMBER = {394723},
MRREVIEWER = {A.\ Nijenhuis},
}


%------------------------------------------
% Coisotropic regularization of singular Lagrangians
%------------------------------------------
@article{ibort-marin,
    author = {Ibort, A and Marín-Solano, J.},
    title = {Coisotropic regularization of singular Lagrangians},
    journal = {J. Math. Phys.},
    year = {1995},
volume={36},
number={10},
pages={5522–5539}
}

%------------------------------------------
% On coisotropic imbeddings of presymplectic manifolds
%------------------------------------------
@article{gotay,
title={On coisotropic imbeddings of presymplectic manifolds},
author={Gotay, M.J.},
journal={Proc. Amer. Math. Soc.},
volume={84},
year={1982},
number={1},
pages={111–114},
DOI = {10.1090/S0002-9939-1982-0633290-X}
}

%------------------------------------------
% Equivalences of coisotropic submanifolds
%------------------------------------------
@article{zambon,
author={Schätz, F. and Zambon, M.},
title={Equivalences of coisotropic submanifolds},
journal={J. Symplectic Geom.},
volume={15},
year={2017},
number={1},
pages={107–149}
}

%------------------------------------------
% Multicontact formulation for non-conservative field theories
%------------------------------------------
@article{multicontacto,
title={Multicontact formulation for non-conservative field theories},
author={de León, M. and Gaset, J. and  Muñoz-Lecanda, M.C. and Rivas, X. and Román-Roy, N.},
journal={J. Phys. A},
volume={56},
year={2023}, 
number={2}, 
pages={No. 025201, 44 pp.},
}

%------------------------------------------
% Symmetries in classical field theory
%------------------------------------------
@article {AitorSymmetries,
    AUTHOR = {de Le\'{o}n, Manuel and Mart\'{\i}n de Diego, David and
              Santamar\'{\i}a-Merino, Aitor},
     TITLE = {Symmetries in classical field theory},
   JOURNAL = {Int. J. Geom. Methods Mod. Phys.},
  FJOURNAL = {International Journal of Geometric Methods in Modern Physics},
    VOLUME = {1},
      YEAR = {2004},
    NUMBER = {5},
     PAGES = {651--710},
      ISSN = {0219-8878,1793-6977},
   MRCLASS = {70S05 (58E30 70G45 81T99)},
  MRNUMBER = {2095443},
MRREVIEWER = {Giovanni\ Giachetta},
       DOI = {10.1142/S0219887804000290},
       URL = {https://doi.org/10.1142/S0219887804000290},
}

%------------------------------------------
% Remarks on multisymplectic reduction
%------------------------------------------
@article {RemarksMultisympelctic,
    AUTHOR = {Echeverr\'{\i}a-Enr\'{\i}quez, Arturo and Mu\~{n}oz-Lecanda,
              M.C. and Rom\'{a}n-Roy, N.},
     TITLE = {Remarks on multisymplectic reduction},
   JOURNAL = {Rep. Math. Phys.},
  FJOURNAL = {Reports on Mathematical Physics},
    VOLUME = {81},
      YEAR = {2018},
    NUMBER = {3},
     PAGES = {415--424},
      ISSN = {0034-4877,1879-0674},
   MRCLASS = {53D05 (53D20 55R10 57M60 57S25 70S05 70S10)},
  MRNUMBER = {3818313},
MRREVIEWER = {Manuel\ de Le\'{o}n},
       DOI = {10.1016/S0034-4877(18)30057-0},
       URL = {https://doi.org/10.1016/S0034-4877(18)30057-0},
}

%------------------------------------------
% Hamilton-Jacobi theory in multisymplectic classical field
              theories
%------------------------------------------
@article {HamiltonJacobiFields,
    AUTHOR = {de Le\'{o}n, Manuel and Prieto-Mart\'{\i}nez, Pedro Daniel and
              Rom\'{a}n-Roy, Narciso and Vilari\~{n}o, Silvia},
     TITLE = {Hamilton-{J}acobi theory in multisymplectic classical field
              theories},
   JOURNAL = {J. Math. Phys.},
  FJOURNAL = {Journal of Mathematical Physics},
    VOLUME = {58},
      YEAR = {2017},
    NUMBER = {9},
     PAGES = {092901, 36},
      ISSN = {0022-2488,1089-7658},
   MRCLASS = {70S05 (70H15 70H20 70S20)},
  MRNUMBER = {3707064},
MRREVIEWER = {C\'{e}sar\ Rodrigo},
       DOI = {10.1063/1.5004260},
       URL = {https://doi.org/10.1063/1.5004260},
}

%------------------------------------------
% Multisymplectic Lagrangian and Hamiltonian formalisms of
classical field theories
%------------------------------------------
@article {NarcisoMultisymplecticFormalism,
    AUTHOR = {Rom\'{a}n-Roy, Narciso},
     TITLE = {Multisymplectic {L}agrangian and {H}amiltonian formalisms of
              classical field theories},
   JOURNAL = {SIGMA Symmetry Integrability Geom. Methods Appl.},
  FJOURNAL = {SIGMA. Symmetry, Integrability and Geometry. Methods and
              Applications},
    VOLUME = {5},
      YEAR = {2009},
     PAGES = {Paper 100, 25},
      ISSN = {1815-0659},
   MRCLASS = {70S05 (58E30)},
  MRNUMBER = {2559661},
MRREVIEWER = {Jeffrey\ K.\ Lawson},
       DOI = {10.3842/SIGMA.2009.100},
       URL = {https://doi.org/10.3842/SIGMA.2009.100},
}

%------------------------------------------
% A multisymplectic framework for classical field theory and the calculus of variations. {I}. {C}ovariant {H}amiltonian formalism
%------------------------------------------
@incollection {GotayMultisymplecticFramework,
    AUTHOR = {Gotay, M.J.},
     TITLE = {A multisymplectic framework for classical field theory and the
              calculus of variations. {I}. {C}ovariant {H}amiltonian
              formalism},
 BOOKTITLE = {Mechanics, analysis and geometry: 200 years after {L}agrange},
    SERIES = {North-Holland Delta Ser.},
     PAGES = {203--235},
 PUBLISHER = {North-Holland, Amsterdam},
      YEAR = {1991},
      ISBN = {0-444-88958-2},
   MRCLASS = {58E30 (49N99 58A20 58F05 70G99)},
  MRNUMBER = {1098517},
MRREVIEWER = {Jaime\ Mu\~{n}oz Masqu\'{e}},
DOI = {10.1016/B978-0-444-88958-4.50012-4}
}

%------------------------------------------
% A multisymplectic framework for classical field theory and the calculus of variations. {II}. {S}pace {$+$} time decomposition
%------------------------------------------
@article {MarkSpaceTimeDecomposition,
    AUTHOR = {Gotay, M.J.},
     TITLE = {A multisymplectic framework for classical field theory and the
              calculus of variations. {II}. {S}pace {$+$} time
              decomposition},
   JOURNAL = {Differential Geom. Appl.},
  FJOURNAL = {Differential Geometry and its Applications},
    VOLUME = {1},
      YEAR = {1991},
    NUMBER = {4},
     PAGES = {375--390},
      ISSN = {0926-2245,1872-6984},
   MRCLASS = {58E30 (58A20 58F05 70G50)},
  MRNUMBER = {1244451},
MRREVIEWER = {Jaime\ Mu\~{n}oz Masqu\'{e}},
       DOI = {10.1016/0926-2245(91)90014-Z},
       URL = {https://doi.org/10.1016/0926-2245(91)90014-Z},
}

%------------------------------------------
% Morse families and Lagrangian submanifolds
%------------------------------------------
@incollection {MarcoMorseFamilies,
    AUTHOR = {Castrill\'{o}n, Marco and Ratiu, Tudor S.},
     TITLE = {Morse families and {L}agrangian submanifolds},
 BOOKTITLE = {Geometry, algebra and applications: from mechanics to
              cryptography},
    SERIES = {Springer Proc. Math. Stat.},
    VOLUME = {161},
     PAGES = {65--78},
 PUBLISHER = {Springer, [Cham]},
      YEAR = {2016},
      ISBN = {978-3-319-32085-4; 978-3-319-32084-7},
   MRCLASS = {53D12},
  MRNUMBER = {3534663},
       DOI = {10.1007/978-3-319-32085-4\_6},
       URL = {https://doi.org/10.1007/978-3-319-32085-4_6},
}

%------------------------------------------
% Current forms and gauge invariance
%------------------------------------------
@article {MarcoCurrents,
    AUTHOR = {Castrill\'{o}n L\'{o}pez, M. and Mu\~{n}oz Masqu\'{e}, J.},
     TITLE = {Current forms and gauge invariance},
   JOURNAL = {J. Phys. A},
  FJOURNAL = {Journal of Physics. A. Mathematical and General},
    VOLUME = {37},
      YEAR = {2004},
    NUMBER = {19},
     PAGES = {5211--5227},
      ISSN = {0305-4470,1751-8121},
   MRCLASS = {70S15 (58A20 58E30 70G45 70S05 81T13)},
  MRNUMBER = {2066962},
MRREVIEWER = {Fernando\ Etayo Gordejuela},
       DOI = {10.1088/0305-4470/37/19/008},
       URL = {https://doi.org/10.1088/0305-4470/37/19/008},
}

%------------------------------------------
% Symplectic geometry in the classical theory of fields
%------------------------------------------
@article {GarciFields,
    AUTHOR = {Garc\'{\i}a, Pedro L.},
     TITLE = {Symplectic geometry in the classical theory of fields},
   JOURNAL = {Collect. Math.},
  FJOURNAL = {Seminario Matem\'{a}tico de Barcelona. Universidad de
              Barcelona. Collectanea Mathematica},
    VOLUME = {19},
      YEAR = {1968},
     PAGES = {73--134},
      ISSN = {0010-0757},
   MRCLASS = {70.53 (83.00)},
  MRNUMBER = {243768},
}

@book{dLR,
title = { Methods of differential geometry in analytical mechanics},
author = {de Le\'on, M. and Rodrigues, P.R.},
publisher={North-Holland, Amsterdam},
year={1989}
}

%------------------------------------------
% A multisymplectic approach to the KdV equation
%------------------------------------------
@incollection {KdVequationGotay,
    AUTHOR = {Gotay, M.J.},
     TITLE = {A multisymplectic approach to the {K}d{V} equation},
 BOOKTITLE = {Differential geometrical methods in theoretical physics
              ({C}omo, 1987)},
    SERIES = {NATO Adv. Sci. Inst. Ser. C: Math. Phys. Sci.},
    VOLUME = {250},
     PAGES = {295--305},
 PUBLISHER = {Kluwer Acad. Publ., Dordrecht},
      YEAR = {1988},
      ISBN = {90-277-2820-8},
   MRCLASS = {58F05 (35Q20 58F07)},
  MRNUMBER = {981384},
MRREVIEWER = {Eugen\ Belokolos},
DOI={10.1007/978-94-015-7809-7_15}
}

%------------------------------------------
% Conserved quantities on multisymplectic manifolds
%------------------------------------------
@article {ConservedQuantitiesMarco,
    AUTHOR = {Ryvkin, L. and Wurzbacher, T. and Zambon, M.},
     TITLE = {Conserved quantities on multisymplectic manifolds},
   JOURNAL = {J. Aust. Math. Soc.},
  FJOURNAL = {Journal of the Australian Mathematical Society},
    VOLUME = {108},
      YEAR = {2020},
    NUMBER = {1},
     PAGES = {120--144},
      ISSN = {1446-7887,1446-8107},
   MRCLASS = {53D05 (37K05 70H33)},
  MRNUMBER = {4052938},
MRREVIEWER = {Manuel\ de Le\'{o}n},
       DOI = {10.1017/s1446788718000381},
       URL = {https://doi.org/10.1017/s1446788718000381},
}

%------------------------------------------
% Existence and unicity of co-moments in multisymplectic geometry
%------------------------------------------
@article {ExistenceOfComoments,
    AUTHOR = {Ryvkin, L. and Wurzbacher, T.},
     TITLE = {Existence and unicity of co-moments in multisymplectic
              geometry},
   JOURNAL = {Differential Geom. Appl.},
  FJOURNAL = {Differential Geometry and its Applications},
    VOLUME = {41},
      YEAR = {2015},
     PAGES = {1--11},
      ISSN = {0926-2245,1872-6984},
   MRCLASS = {70G65 (53D05 53D20)},
  MRNUMBER = {3353735},
MRREVIEWER = {Silvia\ Vilari\~{n}o},
       DOI = {10.1016/j.difgeo.2015.04.001},
       URL = {https://doi.org/10.1016/j.difgeo.2015.04.001},
}

%------------------------------------------
% Existence and unicity of co-moments in multisymplectic geometry
%------------------------------------------
@article{KANATCHIKOV1997225,
title = {On field theoretic generalizations of a Poisson algebra},
journal = {Reports on Mathematical Physics},
volume = {40},
number = {2},
pages = {225-234},
year = {1997},
issn = {0034-4877},
doi = {https://doi.org/10.1016/S0034-4877(97)85919-8},
url = {https://www.sciencedirect.com/science/article/pii/S0034487797859198},
author = {Igor V. Kanatchikov},
abstract = {A few generalizations of a Poisson algebra to field theory canonically formulated in terms of the polymomentum variables are discussed. A graded Poisson bracket on differential forms and an (n + l)-ary bracket on functions are considered. The Poisson bracket on differential forms gives rise to various generalizations of a Gerstenhaber algebra: the noncommutative (in the sense of Loday) and the higher-order (in the sense of the higher-order graded Leibniz rule). The (n + l)-ary bracket fulfills the properties of the Nambu bracket including the “fundamental identity”, thus leading to the Nambu-Poisson algebra. We point out that in the field theory context the Nambu bracket with a properly defined covariant analogue of Hamilton's function determines a joint evolution of several dynamical variables.}
}

%------------------------------------------
% On Higher Dirac Structures
%------------------------------------------
@article{BursztynDirac,
    author = {Bursztyn, Henrique and Martinez Alba, Nicolas and Rubio, Roberto},
    title = "{On Higher Dirac Structures}",
    journal = {International Mathematics Research Notices},
    volume = {2019},
    number = {5},
    pages = {1503-1542},
    year = {2017},
    month = {08},
    abstract = "{We study higher-order analogues of Dirac structures, extending the multisymplectic structures that arise in field theory. We define higher Dirac structures as involutive subbundles of \\$TM+\\wedge^k TM^*\\$ satisfying a weak version of the usual lagrangian condition (which agrees with it only when \\$k=1\\$). Higher Dirac structures transversal to \\$TM\\$ recover the higher Poisson structures introduced in Bursztyn et al. [8] as the infinitesimal counterparts of multisymplectic groupoids. We describe the leaf-wise geometry underlying an involutive isotropic subbundle in terms of a distinguished 1-cocycle in a natural differential complex, generalizing the presymplectic foliation of a Dirac structure. We also identify the global objects integrating higher Dirac structures.}",
    issn = {1073-7928},
    doi = {10.1093/imrn/rnx163},
    url = {https://doi.org/10.1093/imrn/rnx163},
    eprint = {https://academic.oup.com/imrn/article-pdf/2019/5/1503/28008246/rnx163.pdf},
}

%------------------------------------------
% The Hamilton-Pontryagin principle and multi-Dirac structures for classical field theories
%------------------------------------------
 @article{joris_MultiDirac1, title={The Hamilton-Pontryagin principle and multi-Dirac structures for classical field theories}, volume={53}, ISSN={1089-7658}, url={http://dx.doi.org/10.1063/1.4731481}, DOI={10.1063/1.4731481}, number={7}, journal={Journal of Mathematical Physics}, publisher={AIP Publishing}, author={Vankerschaver, J. and Yoshimura, H. and Leok, M.}, year={2012}, month=jul }

%------------------------------------------
% On the geometry of multi-Dirac structures and Gerstenhaber algebras
%------------------------------------------
@article{jorisDirac2,
title = {On the geometry of multi-Dirac structures and Gerstenhaber algebras},
journal = {Journal of Geometry and Physics},
volume = {61},
number = {8},
pages = {1415-1425},
year = {2011},
issn = {0393-0440},
doi = {https://doi.org/10.1016/j.geomphys.2011.03.005},
url = {https://www.sciencedirect.com/science/article/pii/S0393044011000702},
author = { Vankerschaver, J. and Yoshimura, H. and Leok,M.},
keywords = {Classical field theories, Multisymplectic forms, Multi-Dirac structures},
abstract = {In a companion paper, we introduced a notion of multi-Dirac structures, a graded version of Dirac structures, and we discussed their relevance for classical field theories. In the current paper we focus on the geometry of multi-Dirac structures. After recalling the basic definitions, we introduce a graded multiplication and a multi-Courant bracket on the space of sections of a multi-Dirac structure, so that the space of sections has the structure of a Gerstenhaber algebra. We then show that the graph of a k-form on a manifold gives rise to a multi-Dirac structure and also that this multi-Dirac structure is integrable if and only if the corresponding form is closed. Finally, we show that the multi-Courant bracket endows a subset of the ring of differential forms with a graded Poisson bracket, and we relate this bracket to some of the multisymplectic brackets found in the literature.}
}

%------------------------------------------
% L-infinity algebras and higher analogues of Dirac structures and Courant algebroids
%------------------------------------------
@article{ZambonDirac,
    author = "Zambon, Marco",
    title = "{L-infinity algebras and higher analogues of Dirac structures and Courant algebroids}",
    eprint = "1003.1004",
    archivePrefix = "arXiv",
    primaryClass = "math.SG",
    journal = "J. Symplectic Geom.",
    volume = "10",
    pages = "563--599",
    year = "2012"
}

%------------------------------------------
% Multisymplectic Geometry and Lie Groupoids
%------------------------------------------
@Inbook{Bursztyn2015,
author="Bursztyn, Henrique
and Cabrera, Alejandro
and Iglesias, David",
editor="Chang, Dong Eui
and Holm, Darryl D.
and Patrick, George
and Ratiu, Tudor",
title="Multisymplectic Geometry and Lie Groupoids",
bookTitle="Geometry, Mechanics, and Dynamics: The Legacy of Jerry Marsden",
year="2015",
publisher="Springer New York",
address="New York, NY",
pages="57--73",
abstract="We study higher-degree generalizations of symplectic groupoids, referred to as multisymplectic groupoids. Recalling that Poisson structures may be viewed as infinitesimal counterparts of symplectic groupoids, we describe ``higher'' versions of Poisson structures by identifying the infinitesimal counterparts of multisymplectic groupoids. Some basic examples and features are discussed.",
isbn="978-1-4939-2441-7",
doi="10.1007/978-1-4939-2441-7_3",
url="https://doi.org/10.1007/978-1-4939-2441-7_3"
}

